@misc{latex2,
author = "Przemyslaw {S}purek",
title = "Kurs {LaTeX-a} (kurs {TeX-a}) dla ka≈ºdego.",
url = "http://latex-kurs.x25.pl/"
}