@misc{latex1,
title = "{LaTeX}",
year = "2016",
url = "https://pl.wikibooks.org/wiki/LaTeX"
}